<?xml version="1.0" encoding="UTF-8"?><collection xmlns="http://www.loc.gov/MARC21/slim"><record><leader>00341nam--2200121-i-4500</leader><controlfield tag="001">000046552</controlfield><controlfield tag="002">20161230</controlfield><controlfield tag="005">20161230201046</controlfield><controlfield tag="008">060222s1000------------r-----000-0-eng-d</controlfield><datafield ind1=" " ind2=" " tag="100"><subfield code="a">Vinal,G.W</subfield></datafield><datafield ind1=" " ind2=" " tag="245"><subfield code="a">Storage batteries. a general treatise on the physics and chemistry.</subfield></datafield><datafield ind1=" " ind2=" " tag="260"><subfield code="a">New York, John Wiley &amp; Sons, 1949. X + 464 P</subfield></datafield><datafield ind1=" " ind2=" " tag="852"><subfield code="a">2373</subfield></datafield></record></collection>